<record><leader>00000cas a22000007a 4500</leader><controlfield tag="001">27644129</controlfield><controlfield tag="008">930227d18631869moudn ne      0    0eng d</controlfield><datafield ind1=" " ind2=" " tag="010"><subfield code="a">sn 93060151 </subfield></datafield><datafield ind1=" " ind2=" " tag="040"><subfield code="a">MQN</subfield><subfield code="b">eng</subfield><subfield code="c">MQN</subfield><subfield code="d">NVF</subfield><subfield code="d">OCL</subfield><subfield code="d">OCLCQ</subfield><subfield code="d">OCLCF</subfield><subfield code="d">OCLCO</subfield><subfield code="d">OCLCA</subfield></datafield><datafield ind1="1" ind2=" " tag="029"><subfield code="a">AU@</subfield><subfield code="b">000020230803</subfield></datafield><datafield ind1=" " ind2=" " tag="042"><subfield code="a">msc</subfield></datafield><datafield ind1=" " ind2=" " tag="043"><subfield code="a">n-us-mo</subfield></datafield><datafield ind1="0" ind2=" " tag="130"><subfield code="a">Neuer Anzeiger des Westens (Saint Louis, Mo. : Daily)</subfield></datafield><datafield ind1="1" ind2="0" tag="245"><subfield code="a">Neuer Anzeiger des Westens.</subfield></datafield><datafield ind1="3" ind2="0" tag="246"><subfield code="a">Anzeiger des Westens</subfield></datafield><datafield ind1=" " ind2=" " tag="260"><subfield code="a">Saint Louis, Mo. :</subfield><subfield code="b">Carl Da&#776;nzer,</subfield><subfield code="c">1863-1869.</subfield></datafield><datafield ind1=" " ind2=" " tag="300"><subfield code="a">v.</subfield></datafield><datafield ind1=" " ind2=" " tag="310"><subfield code="a">Daily (except Sunday)</subfield></datafield><datafield ind1="0" ind2=" " tag="362"><subfield code="a">1 Jahrg., Nr. 3 (22. Juli 1863)-7 Jahrg., Nr. 117 (30. Dez. 1869).</subfield></datafield><datafield ind1=" " ind2=" " tag="580"><subfield code="a">Sunday ed.: Neuer Anzeiger des Westens (Saint Louis, Mo. : 1864), &lt;1864&gt;-1869.</subfield></datafield><datafield ind1=" " ind2="0" tag="650"><subfield code="a">Germans</subfield><subfield code="z">Missouri</subfield><subfield code="v">Newspapers.</subfield></datafield><datafield ind1=" " ind2="0" tag="651"><subfield code="a">Saint Louis (Mo.)</subfield><subfield code="v">Newspapers.</subfield></datafield><datafield ind1=" " ind2="7" tag="655"><subfield code="a">Newspapers.</subfield><subfield code="2">fast</subfield><subfield code="0">(OCoLC)fst01423814</subfield></datafield><datafield ind1=" " ind2="7" tag="650"><subfield code="a">Germans.</subfield><subfield code="2">fast</subfield><subfield code="0">(OCoLC)fst00942100</subfield></datafield><datafield ind1=" " ind2="7" tag="651"><subfield code="a">Missouri.</subfield><subfield code="2">fast</subfield><subfield code="0">(OCoLC)fst01204724</subfield></datafield><datafield ind1=" " ind2="7" tag="651"><subfield code="a">Missouri</subfield><subfield code="z">Saint Louis.</subfield><subfield code="2">fast</subfield><subfield code="0">(OCoLC)fst01204930</subfield></datafield><datafield ind1=" " ind2=" " tag="752"><subfield code="a">United States</subfield><subfield code="b">Missouri</subfield><subfield code="d">Saint Louis.</subfield></datafield><datafield ind1="1" ind2=" " tag="775"><subfield code="t">Neuer Anzeiger des Westens (Saint Louis, Mo. : 1864)</subfield><subfield code="w">(DLC)sn 93060152</subfield></datafield><datafield ind1="0" ind2=" " tag="775"><subfield code="t">Neuer Anzeiger des Westens (Saint Louis, Mo. : Weekly)</subfield><subfield code="w">(DLC)sn 90061190</subfield></datafield><datafield ind1="0" ind2="0" tag="780"><subfield code="t">Ta&#776;glicher Anzeiger des Westens (Saint Louis, Mo. : 1857)</subfield><subfield code="w">(DLC)sn 93060150</subfield></datafield><datafield ind1="0" ind2="0" tag="785"><subfield code="t">Anzeiger des Westens (Saint Louis, Mo. : Daily)</subfield><subfield code="w">(DLC)sn 85034283</subfield></datafield></record>